%source = https://it.sharelatex.com/learn/Bibliography_management_with_bibtex#Bibliography_management_with_Bibtex
@article{einstein,
    author =       "Albert Einstein",
    title =        "{Zur Elektrodynamik bewegter K{\"o}rper}. ({German})
        [{On} the electrodynamics of moving bodies]",
    journal =      "Annalen der Physik",
    volume =       "322",
    number =       "10",
    pages =        "891--921",
    year =         "1905",
    DOI =          "http://dx.doi.org/10.1002/andp.19053221004"
}

@article{Gambino:2022dvu,
    author = {Gambino, Paolo and Hashimoto, Shoji and M\"achler, Sandro and Panero, Marco and Sanfilippo, Francesco and Simula, Silvano and Smecca, Antonio and Tantalo, Nazario},
    title = "{Lattice QCD study of inclusive semileptonic decays of heavy mesons}",
    eprint = "2203.11762",
    archivePrefix = "arXiv",
    primaryClass = "hep-lat",
    doi = "10.1007/JHEP07(2022)083",
    journal = "JHEP",
    volume = "07",
    pages = "083",
    year = "2022"
}

 
@book{latexcompanion,
    author    = "Michel Goossens and Frank Mittelbach and Alexander Samarin",
    title     = "The \LaTeX\ Companion",
    year      = "1993",
    publisher = "Addison-Wesley",
    address   = "Reading, Massachusetts"
}
 
@misc{knuthwebsite,
    author    = "Donald Knuth",
    title     = "Knuth: Computers and Typesetting",
    url       = "http://www-cs-faculty.stanford.edu/\~{}uno/abcde.html"
}