%source = https://it.sharelatex.com/learn/Bibliography_management_with_bibtex#Bibliography_management_with_Bibtex

@book{latexcompanion,
    author    = "Michel Goossens and Frank Mittelbach and Alexander Samarin",
    title     = "The \LaTeX\ Companion",
    year      = "1993",
    publisher = "Addison-Wesley",
    address   = "Reading, Massachusetts"
}
 
@misc{knuthwebsite,
    author    = "Donald Knuth",
    title     = "Knuth: Computers and Typesetting",
    url       = "http://www-cs-faculty.stanford.edu/\~{}uno/abcde.html"
}

@article{PhysRevLett.13.321,
  title = {Broken Symmetry and the Mass of Gauge Vector Mesons},
  author = {Englert, F. and Brout, R.},
  journal = {Phys. Rev. Lett.},
  volume = {13},
  issue = {9},
  pages = {321--323},
  numpages = {0},
  year = {1964},
  month = {Aug},
  publisher = {American Physical Society},
  doi = {10.1103/PhysRevLett.13.321},
  url = {https://link.aps.org/doi/10.1103/PhysRevLett.13.321}
}

@article{PhysRevLett.13.508,
  title = {Broken Symmetries and the Masses of Gauge Bosons},
  author = {Higgs, Peter W.},
  journal = {Phys. Rev. Lett.},
  volume = {13},
  issue = {16},
  pages = {508--509},
  numpages = {0},
  year = {1964},
  month = {Oct},
  publisher = {American Physical Society},
  doi = {10.1103/PhysRevLett.13.508},
  url = {https://link.aps.org/doi/10.1103/PhysRevLett.13.508}
}

@article{HIGGS1964132,
title = {Broken symmetries, massless particles and gauge fields},
journal = {Physics Letters},
volume = {12},
number = {2},
pages = {132-133},
year = {1964},
issn = {0031-9163},
doi = {https://doi.org/10.1016/0031-9163(64)91136-9},
url = {https://www.sciencedirect.com/science/article/pii/0031916364911369},
author = {P.W. Higgs}
}

@article{CMSHiggsDiscovery,
title = {Observation of a new boson at a mass of 125 GeV with the CMS experiment at the LHC},
journal = {Physics Letters B},
volume = {716},
number = {1},
pages = {30-61},
year = {2012},
issn = {0370-2693},
doi = {https://doi.org/10.1016/j.physletb.2012.08.021},
url = {https://www.sciencedirect.com/science/article/pii/S0370269312008581},
author = {S. Chatrchyan and V. Khachatryan and A.M. Sirunyan and A. Tumasyan et al.},
keywords = {CMS, Physics, Higgs}
}

@article{ATLASHiggsDiscovery,
title = {Observation of a new particle in the search for the Standard Model Higgs boson with the ATLAS detector at the LHC},
journal = {Physics Letters B},
volume = {716},
number = {1},
pages = {1-29},
year = {2012},
issn = {0370-2693},
doi = {https://doi.org/10.1016/j.physletb.2012.08.020},
url = {https://www.sciencedirect.com/science/article/pii/S037026931200857X},
author = {G. Aad and T. Abajyan and B. Abbott and J. Abdallah et al.}
}

@article{Workman:2022ynf,
    author = "Workman, R. L. and Others",
    collaboration = "Particle Data Group",
    title = "{Review of Particle Physics}",
    doi = "10.1093/ptep/ptac097",
    journal = "PTEP",
    volume = "2022",
    pages = "083C01",
    year = "2022"
}
